
@book{hart2017pyomo,
title={Pyomo--optimization modeling in python},
author={Hart, William E. and Laird, Carl D. and Watson, Jean-Paul and Woodruff, David L. and Hackebeil, Gabriel A. and Nicholson, Bethany L. and Siirola, John D.},
edition={Second},
volume={67},
year={2017},
publisher={Springer Science \& Business Media}
}

@article{hart2011pyomo,
title={Pyomo: modeling and solving mathematical programs in Python},
author={Hart, William E and Watson, Jean-Paul and Woodruff, David L},
journal={Mathematical Programming Computation},
volume={3},
number={3},
pages={219--260},
year={2011},
publisher={Springer}
}
